@book{martcheva2015introduction,
  title={An introduction to mathematical epidemiology},
  author={Martcheva, Maia},
  volume={61},
  year={2015},
  publisher={Springer}
}